<record><leader>00000cas a2200000 a 4500</leader><controlfield tag="001">35294441</controlfield><controlfield tag="008">960823d187919uumiuwr ne      0    0eng c</controlfield><datafield ind1=" " ind2=" " tag="010"><subfield code="a">sn 96076998 </subfield></datafield><datafield ind1=" " ind2=" " tag="040"><subfield code="a">MHN</subfield><subfield code="b">eng</subfield><subfield code="c">MHN</subfield><subfield code="d">OCL</subfield><subfield code="d">OCLCQ</subfield><subfield code="d">OCLCF</subfield><subfield code="d">OCLCO</subfield></datafield><datafield ind1="1" ind2=" " tag="029"><subfield code="a">AU@</subfield><subfield code="b">000012845213</subfield></datafield><datafield ind1=" " ind2=" " tag="042"><subfield code="a">pcc</subfield></datafield><datafield ind1=" " ind2=" " tag="043"><subfield code="a">n-us-mi</subfield></datafield><datafield ind1="0" ind2="0" tag="245"><subfield code="a">Crawford avalanche.</subfield></datafield><datafield ind1="3" ind2=" " tag="246"><subfield code="a">Crawford weekly avalanche</subfield></datafield><datafield ind1="1" ind2="3" tag="246"><subfield code="a">Avalanche</subfield></datafield><datafield ind1=" " ind2=" " tag="260"><subfield code="a">Grayling, Mich. :</subfield><subfield code="b">Maurer &amp; Masters</subfield></datafield><datafield ind1=" " ind2=" " tag="300"><subfield code="a">v.</subfield></datafield><datafield ind1=" " ind2=" " tag="310"><subfield code="a">Weekly</subfield></datafield><datafield ind1="1" ind2=" " tag="362"><subfield code="a">Began in 1879.</subfield></datafield><datafield ind1=" " ind2=" " tag="580"><subfield code="a">Continued by: Crawford County avalanche?</subfield></datafield><datafield ind1=" " ind2=" " tag="588"><subfield code="a">Description based on: Vol. 1, no. 3 (May 14, 1879).</subfield></datafield><datafield ind1=" " ind2="0" tag="651"><subfield code="a">Grayling (Mich.)</subfield><subfield code="v">Newspapers.</subfield></datafield><datafield ind1=" " ind2="0" tag="651"><subfield code="a">Crawford County (Mich.)</subfield><subfield code="v">Newspapers.</subfield></datafield><datafield ind1=" " ind2="7" tag="655"><subfield code="a">Newspapers.</subfield><subfield code="2">fast</subfield><subfield code="0">(OCoLC)fst01423814</subfield></datafield><datafield ind1=" " ind2="7" tag="651"><subfield code="a">Michigan</subfield><subfield code="z">Crawford County.</subfield><subfield code="2">fast</subfield><subfield code="0">(OCoLC)fst01216499</subfield></datafield><datafield ind1=" " ind2="7" tag="651"><subfield code="a">Michigan</subfield><subfield code="z">Grayling.</subfield><subfield code="2">fast</subfield><subfield code="0">(OCoLC)fst01216501</subfield></datafield><datafield ind1=" " ind2=" " tag="752"><subfield code="a">United States</subfield><subfield code="b">Michigan</subfield><subfield code="c">Crawford</subfield><subfield code="d">Grayling.</subfield></datafield><datafield ind1="1" ind2="0" tag="785"><subfield code="t">Crawford County avalanche</subfield><subfield code="w">(DLC)sn 96076999</subfield><subfield code="w">(OCoLC)35294308</subfield></datafield></record>